@misc{transportpolicy,
  author = {Todd Litman},
  title = {{Autonomous Vehicle Implementation Predictions Implications for Transport Planning}},
  howpublished = "\url{http://www.vtpi.org/avip.pdf}",
  note = {Accessed: 27/02/2017 Pages: 23},
  year = {2017}
}

@misc{situationawareness,
  author = {Keyvan Golestan. Ridha Soua. Fakhri Karray. Mohamed S. Kamel},
  title = {{Situation awareness within the context of connected cars: A comprehensive review and recent trends}},
  howpublished = "\url{http://www.sciencedirect.com/science/article/pii/S1566253515000743}",
  note = {Available online: 24/08/2015 Pages: 68},
  year = {2015}
}

@misc{heavyvehicle,
  author = {C. Nowakowski. E. Shladover. H.-S. Tan},
  title = {{Heavy Vehicle Automation: Human Factors Lessons Learned}},
  howpublished = "\url{http://www.sciencedirect.com/science/article/pii/S2351978915008252}",
  note = {Available online: 23/10/2015},
  year = {2015}
}

@misc{trafficmodels,
  author = {Pawe? Gora. Inga Rüb},
  title = {{Traffic Models for Self-driving Connected Cars}},
  howpublished = "\url{http://www.sciencedirect.com/science/article/pii/S2352146516302423}",
  note = {Available online: 27/06/2016},
  year = {2016}
}

@misc{ondemand,
  author = {Raphaël Lamottea, André de Palmab, Nikolas Geroliminis},
  title = {{On the use of reservation-based autonomous vehicles for demand management}},
  howpublished = "\url{http://www.sciencedirect.com/science/article/pii/S0191261516300339}",
  note = {Available online: 03/02/2017},
  year = {2017}
}

@misc{dilemma,
  author = {Jean-François Bonnefon, Azim Shariff, Iyad Rahwan},
  title = {{The social dilemma of autonomous vehicles}},
  howpublished = "\url{https://arxiv.org/ftp/arxiv/papers/1510/1510.03346.pdf}",
  note = {Available online: 12/10/2015},
  year = {2015}
}

@book{differences,
  author = {Gold N. Colman AM. Pulford, BD.},
  title = {{Cultural differences in response to real-life and hypothetical trolley problems. Judgment and Decision Making.}},
  note = {Pages: 65?76},
  year = {2014}
}

@misc{mercedes,
  author = {CHRISTIE HEMM KLOK},
  title = {{Mercedes Promises Self-Driving Taxis in Just Three Years}},
  howpublished = "\url{https://www.wired.com/2017/04/mercedes-promises-self-driving-taxis-just-three-years/}",
  note = {Available online: 04/04/2017},
  year = {2017}
}